<record><leader>00000cas a22000007a 4500</leader><controlfield tag="001">9292017</controlfield><controlfield tag="008">830308d18571861iauwr ne      0   a0eng d</controlfield><datafield ind1=" " ind2=" " tag="010"><subfield code="a">sn 83025160 </subfield></datafield><datafield ind1=" " ind2=" " tag="040"><subfield code="a">NPV</subfield><subfield code="b">eng</subfield><subfield code="c">NPV</subfield><subfield code="d">INP</subfield><subfield code="d">OCLCQ</subfield></datafield><datafield ind1=" " ind2=" " tag="042"><subfield code="a">msc</subfield></datafield><datafield ind1=" " ind2=" " tag="043"><subfield code="a">n-us-ia</subfield></datafield><datafield ind1=" " ind2=" " tag="045"><subfield code="a">w5w6</subfield></datafield><datafield ind1=" " ind2=" " tag="052"><subfield code="a">4153</subfield><subfield code="b">F7</subfield></datafield><datafield ind1="0" ind2="0" tag="245"><subfield code="a">Cedar Valley news.</subfield></datafield><datafield ind1=" " ind2=" " tag="260"><subfield code="a">Bradford, Iowa :</subfield><subfield code="b">Babcock &amp; Reynolds</subfield></datafield><datafield ind1=" " ind2=" " tag="300"><subfield code="a">v. :</subfield><subfield code="b">ill. ;</subfield><subfield code="c">59 cm.</subfield></datafield><datafield ind1=" " ind2=" " tag="310"><subfield code="a">Weekly</subfield></datafield><datafield ind1="1" ind2=" " tag="362"><subfield code="a">Began in May 1857.</subfield><subfield code="z">Cf. W. Gregory. Amer. newspapers.</subfield></datafield><datafield ind1="1" ind2=" " tag="362"><subfield code="a">Ceased in 1861?</subfield><subfield code="z">Cf. Bibl. of Iowa newspapers, 1836-1976.</subfield></datafield><datafield ind1=" " ind2=" " tag="500"><subfield code="a">Publisher varies.</subfield></datafield><datafield ind1=" " ind2=" " tag="500"><subfield code="a">Editor: George M. Reynolds, &lt;Jan. 26, 1860-Dec. 14, 1861&gt;.</subfield></datafield><datafield ind1=" " ind2=" " tag="588"><subfield code="a">Description based on: Vol. 2, no. 6 (Jan. 26, 1860).</subfield></datafield><datafield ind1="1" ind2=" " tag="700"><subfield code="a">Reynolds, George M.</subfield></datafield><datafield ind1=" " ind2=" " tag="752"><subfield code="a">United States</subfield><subfield code="b">Iowa</subfield><subfield code="c">Chickasaw</subfield><subfield code="d">Bradford.</subfield></datafield><datafield ind1="1" ind2=" " tag="029"><subfield code="a">AU@</subfield><subfield code="b">000025808913</subfield></datafield></record>